<?xml version="1.0" encoding="UTF-8"?>
<record xmlns="http://www.loc.gov/MARC21/slim">
  <leader>     cam a22        4500</leader>
  <controlfield tag="001">1770875875</controlfield>
  <controlfield tag="003">DE-627</controlfield>
  <controlfield tag="005">20211207164151.0</controlfield>
  <controlfield tag="007">cr uuu---uuuuu</controlfield>
  <controlfield tag="008">210917s2021    rm |||||o     10| ||eng c</controlfield>
  <datafield tag="020" ind1=" " ind2=" ">
    <subfield code="a">9786067146585</subfield>
    <subfield code="9">978-606-714-658-5</subfield>
  </datafield>
  <datafield tag="024" ind1="7" ind2=" ">
    <subfield code="a">11159/6257</subfield>
    <subfield code="2">hdl</subfield>
  </datafield>
  <datafield tag="035" ind1=" " ind2=" ">
    <subfield code="a">(DE-627)1770875875</subfield>
  </datafield>
  <datafield tag="035" ind1=" " ind2=" ">
    <subfield code="a">(DE-599)KXP1770875875</subfield>
  </datafield>
  <datafield tag="040" ind1=" " ind2=" ">
    <subfield code="a">DE-627</subfield>
    <subfield code="b">ger</subfield>
    <subfield code="c">DE-627</subfield>
    <subfield code="e">rda</subfield>
  </datafield>
  <datafield tag="041" ind1=" " ind2=" ">
    <subfield code="a">eng</subfield>
  </datafield>
  <datafield tag="044" ind1=" " ind2=" ">
    <subfield code="c">XA-RO</subfield>
  </datafield>
  <datafield tag="111" ind1="2" ind2=" ">
    <subfield code="a">EURINT</subfield>
    <subfield code="n">10.</subfield>
    <subfield code="d">2021</subfield>
    <subfield code="c">Iaşi</subfield>
    <subfield code="j">VerfasserIn</subfield>
    <subfield code="0">(DE-588)1241485542</subfield>
    <subfield code="0">(DE-627)1771033312</subfield>
    <subfield code="4">aut</subfield>
  </datafield>
  <datafield tag="245" ind1="1" ind2="0">
    <subfield code="a">Assessing the EU&apos;s actorness in the Eastern neighbourhood</subfield>
    <subfield code="b">EURINT 2021 : EURINT conference proceedings, July 2-3, 2021</subfield>
    <subfield code="c">Gabriela Carmen Pascariu, Rodica Crudu, Loredana Maria Simionov, Cristian Încalţărău (editors) ; Centre for European Studies, Faculty of Law, Alexandru Ioan Cuza University of Iaşi, Romania</subfield>
  </datafield>
  <datafield tag="264" ind1=" " ind2="1">
    <subfield code="a">Iaşi</subfield>
    <subfield code="b">Editura universităţii &quot;Alexandru Joan Cuza&quot;</subfield>
    <subfield code="c">2021</subfield>
  </datafield>
  <datafield tag="300" ind1=" " ind2=" ">
    <subfield code="a">1 Online-Ressource (circa 223 Seiten)</subfield>
    <subfield code="b">Illustrationen</subfield>
  </datafield>
  <datafield tag="336" ind1=" " ind2=" ">
    <subfield code="a">Text</subfield>
    <subfield code="b">txt</subfield>
    <subfield code="2">rdacontent</subfield>
  </datafield>
  <datafield tag="337" ind1=" " ind2=" ">
    <subfield code="a">Computermedien</subfield>
    <subfield code="b">c</subfield>
    <subfield code="2">rdamedia</subfield>
  </datafield>
  <datafield tag="338" ind1=" " ind2=" ">
    <subfield code="a">Online-Ressource</subfield>
    <subfield code="b">cr</subfield>
    <subfield code="2">rdacarrier</subfield>
  </datafield>
  <datafield tag="490" ind1="1" ind2=" ">
    <subfield code="a">EURINT conference proceedings</subfield>
    <subfield code="v">2021</subfield>
  </datafield>
  <datafield tag="500" ind1=" " ind2=" ">
    <subfield code="a">Gezählt als Volume 8</subfield>
  </datafield>
  <datafield tag="506" ind1="0" ind2=" ">
    <subfield code="a">Open Access</subfield>
    <subfield code="e">Controlled Vocabulary for Access Rights</subfield>
    <subfield code="q">DE-206</subfield>
    <subfield code="u">http://purl.org/coar/access_right/c_abf2</subfield>
  </datafield>
  <datafield tag="540" ind1=" " ind2=" ">
    <subfield code="q">DE-206</subfield>
    <subfield code="a">Namensnennung 3.0 Unported</subfield>
    <subfield code="f">CC BY 3.0</subfield>
    <subfield code="2">cc</subfield>
    <subfield code="u">https://creativecommons.org/licenses/by/3.0/deed.de</subfield>
  </datafield>
  <datafield tag="650" ind1=" " ind2="7">
    <subfield code="8">1.1\x</subfield>
    <subfield code="a">EU-Nachbarstaaten</subfield>
    <subfield code="0">(DE-627)091407265</subfield>
    <subfield code="0">(DE-2867)29749-4</subfield>
    <subfield code="2">stw</subfield>
  </datafield>
  <datafield tag="650" ind1=" " ind2="7">
    <subfield code="8">1.2\x</subfield>
    <subfield code="a">EU-Politik</subfield>
    <subfield code="0">(DE-627)091358442</subfield>
    <subfield code="0">(DE-2867)18772-6</subfield>
    <subfield code="2">stw</subfield>
  </datafield>
  <datafield tag="650" ind1=" " ind2="7">
    <subfield code="8">1.3\x</subfield>
    <subfield code="a">Geopolitik</subfield>
    <subfield code="0">(DE-627)091362849</subfield>
    <subfield code="0">(DE-2867)16502-3</subfield>
    <subfield code="2">stw</subfield>
  </datafield>
  <datafield tag="650" ind1=" " ind2="7">
    <subfield code="8">1.4\x</subfield>
    <subfield code="a">Europäische Integration</subfield>
    <subfield code="0">(DE-627)091358558</subfield>
    <subfield code="0">(DE-2867)16495-2</subfield>
    <subfield code="2">stw</subfield>
  </datafield>
  <datafield tag="650" ind1=" " ind2="7">
    <subfield code="8">1.5\x</subfield>
    <subfield code="a">Internationale Wirtschaftsbeziehungen</subfield>
    <subfield code="0">(DE-627)091368464</subfield>
    <subfield code="0">(DE-2867)10617-2</subfield>
    <subfield code="2">stw</subfield>
  </datafield>
  <datafield tag="650" ind1=" " ind2="7">
    <subfield code="8">1.6\x</subfield>
    <subfield code="a">EU-Staaten</subfield>
    <subfield code="0">(DE-627)091358639</subfield>
    <subfield code="0">(DE-2867)17983-5</subfield>
    <subfield code="2">stw</subfield>
  </datafield>
  <datafield tag="650" ind1=" " ind2="7">
    <subfield code="8">1.7\x</subfield>
    <subfield code="a">Osteuropa</subfield>
    <subfield code="0">(DE-627)091382009</subfield>
    <subfield code="0">(DE-2867)19077-5</subfield>
    <subfield code="2">stw</subfield>
  </datafield>
  <datafield tag="650" ind1=" " ind2="7">
    <subfield code="8">1.8\x</subfield>
    <subfield code="a">Russland</subfield>
    <subfield code="0">(DE-627)091387329</subfield>
    <subfield code="0">(DE-2867)17534-6</subfield>
    <subfield code="2">stw</subfield>
  </datafield>
  <datafield tag="655" ind1=" " ind2="7">
    <subfield code="a">Konferenzschrift</subfield>
    <subfield code="0">(DE-588)1071861417</subfield>
    <subfield code="0">(DE-627)826484824</subfield>
    <subfield code="0">(DE-576)433375485</subfield>
    <subfield code="2">gnd-content</subfield>
  </datafield>
  <datafield tag="700" ind1="1" ind2=" ">
    <subfield code="a">Pascariu, Gabriela Carmen</subfield>
    <subfield code="d">1967-</subfield>
    <subfield code="e">HerausgeberIn</subfield>
    <subfield code="0">(DE-588)1143619919</subfield>
    <subfield code="0">(DE-627)1002890454</subfield>
    <subfield code="0">(DE-576)490779506</subfield>
    <subfield code="4">edt</subfield>
  </datafield>
  <datafield tag="700" ind1="1" ind2=" ">
    <subfield code="a">Crudu, Rodica</subfield>
    <subfield code="e">HerausgeberIn</subfield>
    <subfield code="0">(DE-588)1203094752</subfield>
    <subfield code="0">(DE-627)1687878412</subfield>
    <subfield code="4">edt</subfield>
  </datafield>
  <datafield tag="700" ind1="1" ind2=" ">
    <subfield code="a">Simionov, Loredana Maria</subfield>
    <subfield code="e">HerausgeberIn</subfield>
    <subfield code="4">edt</subfield>
  </datafield>
  <datafield tag="700" ind1="1" ind2=" ">
    <subfield code="a">Încalțărău, Cristian</subfield>
    <subfield code="e">HerausgeberIn</subfield>
    <subfield code="0">(DE-588)1168907888</subfield>
    <subfield code="0">(DE-627)1032656476</subfield>
    <subfield code="0">(DE-576)511829329</subfield>
    <subfield code="4">edt</subfield>
  </datafield>
  <datafield tag="710" ind1="2" ind2=" ">
    <subfield code="a">Universitatea Alexandru Ioan Cuza</subfield>
    <subfield code="b">Centre for European Studies</subfield>
    <subfield code="e">Herausgebendes Organ</subfield>
    <subfield code="e">Gastgebende Institution</subfield>
    <subfield code="0">(DE-588)1024261824</subfield>
    <subfield code="0">(DE-627)71946479X</subfield>
    <subfield code="4">isb</subfield>
    <subfield code="4">his</subfield>
  </datafield>
  <datafield tag="830" ind1=" " ind2="0">
    <subfield code="a">EURINT conference proceedings</subfield>
    <subfield code="v">2021</subfield>
    <subfield code="9">2021</subfield>
    <subfield code="w">(DE-627)1008122904</subfield>
    <subfield code="w">(DE-576)49617102X</subfield>
    <subfield code="w">(DE-600)2913934-X</subfield>
    <subfield code="x">2393-2384</subfield>
  </datafield>
  <datafield tag="856" ind1="4" ind2="0">
    <subfield code="u">https://eurint.uaic.ro/proceedings/articles/EURINT2021.pdf</subfield>
    <subfield code="x">Verlag</subfield>
    <subfield code="z">kostenfrei</subfield>
  </datafield>
  <datafield tag="856" ind1="4" ind2="0">
    <subfield code="u">https://eurint.uaic.ro/proceedings/EURINT2021.html</subfield>
    <subfield code="x">Verlag</subfield>
    <subfield code="z">kostenfrei</subfield>
  </datafield>
  <datafield tag="856" ind1="4" ind2="0">
    <subfield code="u">http://hdl.handle.net/11159/6257</subfield>
    <subfield code="x">Resolving-System</subfield>
    <subfield code="z">kostenfrei</subfield>
  </datafield>
  <datafield tag="951" ind1=" " ind2=" ">
    <subfield code="a">BO</subfield>
  </datafield>
  <datafield tag="980" ind1=" " ind2=" ">
    <subfield code="2">26</subfield>
    <subfield code="1">01</subfield>
    <subfield code="b">3979045072</subfield>
    <subfield code="f">K:</subfield>
    <subfield code="d">ZSS 11</subfield>
    <subfield code="h">DA:oac</subfield>
    <subfield code="x">0206</subfield>
    <subfield code="y">z1k</subfield>
    <subfield code="z">17-09-21</subfield>
  </datafield>
  <datafield tag="995" ind1=" " ind2=" ">
    <subfield code="2">26</subfield>
    <subfield code="1">01</subfield>
    <subfield code="a">DA:oac</subfield>
  </datafield>
</record>
